<mx:record xmlns="http://www.w3.org/TR/xhtml1/strict" xmlns:mx="http://www.loc.gov/MARC21/slim" xmlns:xsi="http://www.w3.org/2001/XMLSchema-instance"><mx:leader>00000cz   2200000n  0000</mx:leader><mx:controlfield tag="001">oca02725733 </mx:controlfield><mx:controlfield tag="005">20080410090247.0</mx:controlfield><mx:controlfield tag="008">900419n| acannaab           |a aaa      </mx:controlfield><mx:datafield ind1=" " ind2=" " tag="010"><mx:subfield code="a">n  90633911</mx:subfield></mx:datafield><mx:datafield ind1=" " ind2=" " tag="040"><mx:subfield code="a">DLC</mx:subfield><mx:subfield code="c">DLC</mx:subfield><mx:subfield code="d">DLC</mx:subfield><mx:subfield code="d">NjP</mx:subfield></mx:datafield><mx:datafield ind1="0" ind2="0" tag="100"><mx:subfield code="a">Leo</mx:subfield><mx:subfield code="b">VI,</mx:subfield><mx:subfield code="c">Emperor of the East,</mx:subfield><mx:subfield code="d">866-912</mx:subfield></mx:datafield><mx:datafield ind1="0" ind2="0" tag="400"><mx:subfield code="w">nnaa</mx:subfield><mx:subfield code="a">Leo</mx:subfield><mx:subfield code="b">VI,</mx:subfield><mx:subfield code="c">the Wise, Emperor of the East,</mx:subfield><mx:subfield code="d">865-911</mx:subfield></mx:datafield><mx:datafield ind1="0" ind2="0" tag="400"><mx:subfield code="a">Leo,</mx:subfield><mx:subfield code="c">the Wise,</mx:subfield><mx:subfield code="d">866-912</mx:subfield></mx:datafield><mx:datafield ind1="0" ind2="0" tag="400"><mx:subfield code="a">Leo,</mx:subfield><mx:subfield code="c">the Philosopher,</mx:subfield><mx:subfield code="d">866-912</mx:subfield></mx:datafield><mx:datafield ind1="0" ind2="0" tag="400"><mx:subfield code="a">Leon</mx:subfield><mx:subfield code="b">VI,</mx:subfield><mx:subfield code="c">Emperor of the East,</mx:subfield><mx:subfield code="d">866-912</mx:subfield></mx:datafield><mx:datafield ind1="0" ind2="0" tag="400"><mx:subfield code="a">Leon</mx:subfield><mx:subfield code="b">VI,</mx:subfield><mx:subfield code="c">der Weise,</mx:subfield><mx:subfield code="d">866-912</mx:subfield></mx:datafield><mx:datafield ind1="0" ind2="0" tag="400"><mx:subfield code="a">Leon,</mx:subfield><mx:subfield code="c">der Weise,</mx:subfield><mx:subfield code="d">866-912</mx:subfield></mx:datafield><mx:datafield ind1="0" ind2="0" tag="400"><mx:subfield code="a">Leone</mx:subfield><mx:subfield code="b">VI,</mx:subfield><mx:subfield code="c">Emperor of the East,</mx:subfield><mx:subfield code="d">866-912</mx:subfield></mx:datafield><mx:datafield ind1="0" ind2="0" tag="400"><mx:subfield code="a">Leone,</mx:subfield><mx:subfield code="c">il Filosofo,</mx:subfield><mx:subfield code="d">866-912</mx:subfield></mx:datafield><mx:datafield ind1="0" ind2="0" tag="400"><mx:subfield code="a">Leōn,</mx:subfield><mx:subfield code="c">ho Sophos,</mx:subfield><mx:subfield code="d">866-912</mx:subfield></mx:datafield><mx:datafield ind1="0" ind2="0" tag="400"><mx:subfield code="a">Leone,</mx:subfield><mx:subfield code="c">il Saggio,</mx:subfield><mx:subfield code="d">866-912</mx:subfield></mx:datafield><mx:datafield ind1="0" ind2="0" tag="400"><mx:subfield code="a">Leone</mx:subfield><mx:subfield code="b">VI,</mx:subfield><mx:subfield code="c">il Saggio,</mx:subfield><mx:subfield code="d">866-912</mx:subfield></mx:datafield><mx:datafield ind1="0" ind2="0" tag="400"><mx:subfield code="a">Leōn</mx:subfield><mx:subfield code="b">VI,</mx:subfield><mx:subfield code="c">ho Sophos,</mx:subfield><mx:subfield code="d">866-912</mx:subfield></mx:datafield><mx:datafield ind1="0" ind2="0" tag="400"><mx:subfield code="a">Autokratōr Leōn</mx:subfield><mx:subfield code="b">VI,</mx:subfield><mx:subfield code="c">ho Sophos,</mx:subfield><mx:subfield code="d">866-912</mx:subfield></mx:datafield><mx:datafield ind1=" " ind2=" " tag="670"><mx:subfield code="a">Ecloga Basilicorum, c1988</mx:subfield><mx:subfield code="b">(name not given)</mx:subfield></mx:datafield><mx:datafield ind1=" " ind2=" " tag="670"><mx:subfield code="a">Ency. Brit., 15th ed.</mx:subfield><mx:subfield code="b">(Leo VI The Wise, epithet also The Philosopher (866-912); Byzantine coemperor from 886 to 912, completed the legal work begun under his father, Basil I, the Macedonian)</mx:subfield></mx:datafield><mx:datafield ind1=" " ind2=" " tag="670"><mx:subfield code="a">LC data base, 4-19-90</mx:subfield><mx:subfield code="b">(hdg.: Leo VI, the Wise, Emperor of the East, 865-911)</mx:subfield></mx:datafield><mx:datafield ind1=" " ind2=" " tag="670"><mx:subfield code="a">Brock. Enzy., 1970</mx:subfield><mx:subfield code="b">(Leon VI, der Weise (886-912))</mx:subfield></mx:datafield><mx:datafield ind1=" " ind2=" " tag="670"><mx:subfield code="a">Basil I. Ammaestramenti dell&amp;#039;imperadore Basilio a suo figliuolo Leone il Filosofo, 1796.</mx:subfield></mx:datafield><mx:datafield ind1=" " ind2=" " tag="670"><mx:subfield code="a">Papyros Larous</mx:subfield><mx:subfield code="b">(Leōn 6., ho Sophos, Emperor of the Byzantium, 886-912; attributed to him is the Eparchiakon vivlion)</mx:subfield></mx:datafield><mx:datafield ind1=" " ind2=" " tag="670"><mx:subfield code="a">Hoi historēmenoi chrēsmoi tou Leontos 6. tou Sophou, 1995:</mx:subfield><mx:subfield code="b">p. 276 (Leone il Saggio; Leone VI il Saggio (886-912))</mx:subfield></mx:datafield><mx:datafield ind1=" " ind2=" " tag="670"><mx:subfield code="a">Autokratoros Leontos, taktika, 2001:</mx:subfield><mx:subfield code="b">t.p. (Ho autokratōr Leōn VI, ho Sophos)</mx:subfield></mx:datafield></mx:record>